% This file was created with JabRef 2.10.
% Encoding: MacRoman

@PREAMBLE{t}


@MastersThesis{AlmeidaJunior2012,
  Title                    = {ANÁLISE E APLICAÇÃO DOS CONCEITOS DE SOA EM ESTUDO DE CASO},
  Author                   = {José Valdvogel de Almeida Junior},
  School                   = {Pontíficia Universidade Católica},
  Year                     = {2012},

  Owner                    = {jose},
  Timestamp                = {2014.05.26}
}

@Article{Berg,
  Title                    = {The Integration Between EAI and SOA - Part I},
  Author                   = {José Luiz Berg},
  Journal                  = {Services Technology Magazine},
  Year                     = {2011},

  Owner                    = {jose},
  Timestamp                = {2014.05.26}
}

@Book{Erl2009,
  Title                    = {Principles of Services Design},
  Author                   = {Thomas Erl},
  Publisher                = {Prentice Hall},
  Year                     = {2009},

  Owner                    = {jose},
  Timestamp                = {2014.05.26}
}

@Book{Erl2005,
  Title                    = {Service-Oriented Architecture: Concepts, Technology, and Design},
  Author                   = {Thomas Erl},
  Publisher                = {Prentice Hall},
  Year                     = {2005},

  Owner                    = {jose},
  Timestamp                = {2014.05.26}
}

@Book{EAI1,
  Title                    = {Enterprise Integration Patterns: Designing,Building and Deploying Messaging Solutions},
  Author                   = {Bobby Woolf
Gregor Hohpe},
  Publisher                = {Addison-Wesley},
  Year                     = {2003},

  Owner                    = {jose},
  Timestamp                = {2014.05.26}
}

@Book{rest2010,
  Title                    = {Rest in Practice Hypermedia and Systems Architecture},
  Author                   = {Jim Webber, Savas Parastatidis, Ian Robinson},
  Publisher                = {O´REILLY},
  Year                     = {2010},

  Owner                    = {jose},
  Timestamp                = {2014.05.26}
}

@Book{Nicolai2007,
  Title                    = {SOA in Practice - The Art of Distributed System Design},
  Author                   = {Nicolai M. Josuttis},
  Editor                   = {Simon St. Laurent},
  Publisher                = {O´REILLY},
  Year                     = {2007},

  Owner                    = {jose},
  Timestamp                = {2014.05.26}
}

@Book{JudithHurwitz2007,
  Title                    = {Service Oriented Architecture for Dummies},
  Author                   = {Judith Hurwitz, Robin Bloor, Marcia Kaufman, Fern Halper},
  Editor                   = {Wiley},
  Year                     = {2007},

  Owner                    = {jose},
  Timestamp                = {2014.05.26}
}

@Article{SoaGov2011,
  Title                    = {SOA Governance:The W3H (What–Why–When–How) of SOA Governance},
  Author                   = {Vishnu Mall},
  Journal                  = {Service Technology Magazine},
  Year                     = {2011},

  Owner                    = {jose},
  Timestamp                = {2014.05.26}
}

@Book{MattWright2010,
  Title                    = {Oracle SOA Suite 11g R1 Developer's Guide},
  Author                   = {Matt Wright , Antony Reynolds},
  Publisher                = {Packt Publishing},
  Year                     = {2010},

  Owner                    = {jose},
  Timestamp                = {2014.05.26}
}

@Article{Oasis2006,
  Title                    = {Modelo de Referencia para Arquitetura Orientada a Serviço 1.0},
  Author                   = {OASIS},
  Journal                  = {OASIS OPEN},
  Year                     = {2006},

  Owner                    = {jose},
  Timestamp                = {2014.05.26}
}

@Book{SoaWik2011,
  Title                    = {Archtecting Service-Oriented Technologies},
  Author                   = {Wik Philip},
  Publisher                = {Arcitura Education Inc},
  Year                     = {2011},

  Owner                    = {jose},
  Timestamp                = {2014.05.26}
}

@Book{Cloud2009,
  Title                    = {Cloud Computing and SOA},
  Author                   = {Geoffrey Raines},
  Publisher                = {The Mitre Corporation,},
  Year                     = {2009},

  Owner                    = {jose},
  Timestamp                = {2014.05.26}
}

@Book{BPM2008,
  Title                    = {Da Orientação para Objetos até o SOA chegando ao BPM},
  Author                   = {Glauco Reis},
  Publisher                = {Portal BPM},
  Year                     = {2008},

  Owner                    = {jose},
  Timestamp                = {2014.05.26}
}

@Book{saudate2013,
  Title                    = {SOA aplicado: Integrando com webservices e além},
  Author                   = {Alexandre Saudate},
  Publisher                = {Casa do Código},
  Year                     = {2013},

  Owner                    = {jose},
  Timestamp                = {2014.05.26}
}

