% This file was created with JabRef 2.10.
% Encoding: MacRoman


@Article{asdasd2009,
  Title                    = {asdasd},
  Author                   = {asdasd},
  Journal                  = {asdas},
  Year                     = {2009},

  Owner                    = {jose},
  Timestamp                = {2014.09.15}
}

